@article{john00,
  title={{title}},
  author={John Doe},
  journal={journal name},
  volume={1},
  number={1},
  pages={100--111},
  year={2000}
}